@manual{problem1 ,
title = "python",
organization = "Stack overflow",
note = "\url{https://stackoverflow.com/questions/31964712/how-to-print-each-line-of-a-script-as-it-is-run-only-for-the-top-level-script-be}",
}
@manual{ problem2,
organization = "w3schools",
note = "\url{https://www.w3schools.com/python/}",
}

